<?xml version="1.0" encoding="UTF-8"?><record xmlns="http://www.loc.gov/MARC21/slim" xmlns:cinclude="http://apache.org/cocoon/include/1.0" xmlns:zs="http://www.loc.gov/zing/srw/">
  <leader>00500nz  a2200133n  4500</leader>
  <controlfield tag="001">n 2011036363</controlfield>
  <controlfield tag="003">DLC</controlfield>
  <controlfield tag="005">20110601074913.0</controlfield>
  <controlfield tag="008">110531n| acannaabn          |a aaa      </controlfield>
  <datafield tag="010" ind1=" " ind2=" ">
    <subfield code="a">n 2011036363</subfield>
  </datafield>
  <datafield tag="040" ind1=" " ind2=" ">
    <subfield code="a">DLC</subfield>
    <subfield code="b">eng</subfield>
    <subfield code="c">DLC</subfield>
  </datafield>
  <datafield tag="100" ind1="1" ind2=" ">
    <subfield code="a">Berlin, Irving,</subfield>
    <subfield code="d">1888-1989.</subfield>
    <subfield code="t">Nothing more to say</subfield>
  </datafield>
  <datafield tag="400" ind1="1" ind2=" ">
    <subfield code="a">Berlin, Irving,</subfield>
    <subfield code="d">1888-1989.</subfield>
    <subfield code="t">Funny when you're left with nothing more to say</subfield>
  </datafield>
  <datafield tag="670" ind1=" " ind2=" ">
    <subfield code="a">Nothing more to say, 1948:</subfield>
    <subfield code="b">caption (Nothing more to say; 1st words: Funny when you're left with nothing more to say)</subfield>
  </datafield>
</record>